<record><leader>00000cas a22000007a 4500</leader><controlfield tag="001">14817771</controlfield><controlfield tag="008">861121d18uu1uuumsuuu ne      0    0eng d</controlfield><datafield ind1=" " ind2=" " tag="010"><subfield code="a">sn 86074068 </subfield></datafield><datafield ind1=" " ind2=" " tag="040"><subfield code="a">MJA</subfield><subfield code="b">eng</subfield><subfield code="c">MJA</subfield><subfield code="d">MSJ</subfield><subfield code="d">CRL</subfield><subfield code="d">OCL</subfield><subfield code="d">CRL</subfield><subfield code="d">OCLCQ</subfield><subfield code="d">OCLCF</subfield><subfield code="d">OCLCO</subfield></datafield><datafield ind1=" " ind2=" " tag="042"><subfield code="a">msc</subfield></datafield><datafield ind1=" " ind2=" " tag="043"><subfield code="a">n-us-ms</subfield></datafield><datafield ind1="0" ind2="0" tag="245"><subfield code="a">Herald of the South.</subfield></datafield><datafield ind1=" " ind2=" " tag="260"><subfield code="a">Brandon, Miss. :</subfield><subfield code="b">Joseph Bennett</subfield></datafield><datafield ind1=" " ind2=" " tag="588"><subfield code="a">Description based on: Vol. 5, no. 28 (Dec. 21, 1859).</subfield></datafield><datafield ind1=" " ind2="0" tag="651"><subfield code="a">Brandon (Miss.)</subfield><subfield code="v">Newspapers.</subfield></datafield><datafield ind1=" " ind2="7" tag="655"><subfield code="a">Newspapers.</subfield><subfield code="2">fast</subfield><subfield code="0">(OCoLC)fst01423814</subfield></datafield><datafield ind1=" " ind2="7" tag="651"><subfield code="a">Mississippi</subfield><subfield code="z">Brandon.</subfield><subfield code="2">fast</subfield><subfield code="0">(OCoLC)fst01227056</subfield></datafield><datafield ind1=" " ind2=" " tag="752"><subfield code="a">United States</subfield><subfield code="b">Mississippi</subfield><subfield code="c">Rankin</subfield><subfield code="d">Brandon.</subfield></datafield><datafield ind1="0" ind2="8" tag="776"><subfield code="i">Online version:</subfield><subfield code="t">Herald of the South</subfield><subfield code="w">(OCoLC)793741005</subfield></datafield></record>